@incollection{acuna2004treatment,
	title     = {The treatment of missing values and its effect on classifier accuracy},
	author    = {Acuna, Edgar and Rodriguez, Caroline},
	booktitle = {Classification, clustering, and data mining applications},
	pages     = {639--647},
	year      = {2004},
	publisher = {Springer}
}
@article{blumberg2003problem,
	title     = {The problem with unstructured data},
	author    = {Blumberg, Robert and Atre, Shaku},
	journal   = {Dm Review},
	volume    = {13},
	number    = {42-49},
	pages     = {62},
	year      = {2003},
	publisher = {POWELL PUBLISHING INC}
}
@article{boivin2006more,
	title     = {Are more data always better for factor analysis?},
	author    = {Boivin, Jean and Ng, Serena},
	journal   = {Journal of Econometrics},
	volume    = {132},
	number    = {1},
	pages     = {169--194},
	year      = {2006},
	publisher = {Elsevier}
}
@book{borenstein2011introduction,
	title     = {Introduction to meta-analysis},
	author    = {Borenstein, Michael and Hedges, Larry V and Higgins, Julian PT and Rothstein, Hannah R},
	year      = {2011},
	publisher = {John Wiley \& Sons}
}
@book{boyer2009scada,
	title     = {SCADA: supervisory control and data acquisition},
	author    = {Boyer, Stuart A},
	year      = {2009},
	publisher = {International Society of Automation}
}
@book{brandt1998data,
	title     = {Data analysis},
	author    = {Brandt, Siegmund},
	year      = {1998},
	publisher = {Springer}
}
@inproceedings{brazdil1994characterizing,
	title        = {Characterizing the applicability of classification algorithms using meta-level learning},
	author       = {Brazdil, Pavel and Gama, Jo{\=a}o and Henery, Bob},
	booktitle    = {European conference on machine learning},
	pages        = {83--102},
	year         = {1994},
	organization = {Springer}
}
@inproceedings{deshpande2004model,
	title     = {Model-driven data acquisition in sensor networks},
	author    = {Deshpande, Amol and Guestrin, Carlos and Madden, Samuel R and Hellerstein, Joseph M and Hong, Wei},
	booktitle = {Proceedings of the Thirtieth international conference on Very large data bases-Volume 30},
	pages     = {588--599},
	year      = {2004}
}
@inproceedings{gasco2012does,
	title     = {Does more data always yield better translations?},
	author    = {Gasc{\'o}, Guillem and Rocha, Martha-Alicia and Sanchis-Trilles, Germ{\'a}n and Andr{\'e}s-Ferrer, Jes{\'u}s and Casacuberta, Francisco},
	booktitle = {Proceedings of the 13th Conference of the European Chapter of the Association for Computational Linguistics},
	pages     = {152--161},
	year      = {2012}
}
@book{higgins2019cochrane,
	title     = {Cochrane handbook for systematic reviews of interventions},
	author    = {Higgins, Julian PT and Thomas, James and Chandler, Jacqueline and Cumpston, Miranda and Li, Tianjing and Page, Matthew J and Welch, Vivian A},
	year      = {2019},
	publisher = {John Wiley \& Sons}
}
@manual{IDC:2020,
	title  = {IDC's Global DataSphere Forecast Shows Continued Steady Growth in the Creation and Consumption of Data},
	author = {International Data Corporation},
	url    = {https://www.idc.com/getdoc.jsp?containerId=prUS46286020},
	note   = {\url{https://www.idc.com/getdoc.jsp?containerId=prUS46286020}},
	year   = {2020 (dostęp 5 stycznia, 2020)}
}
@book{mitchell1997machine,
	title     = {Machine Learning},
	author    = {Mitchell, Tom M},
	year      = {1997},
	publisher = {McGraw Hill},
	address   = {New York},
	isbn      = {0-07-042807-7},
	url       = {http://www.cs.cmu.edu/~tom/mlbook.html}
}

@misc{mnist,
	title  = {{THE MNIST DATABASE} of handwritten digits},
	url    = {http://yann.lecun.com/exdb/mnist/},
	note   = {\url{http://yann.lecun.com/exdb/mnist/}},
	author = {LeCun, Yann and Cortes, Corinna and Burges, Christopher J.C.}
}

@manual{Patrizio:2018,
	title  = {IDC: Expect 175 zettabytes of data worldwide by 2025},
	author = {Patrizio, Andy},
	url    = {https://www.networkworld.com/article/3325397/idc-expect-175-zettabytes-of-data-worldwide-by-2025.html},
	note   = {\url{https://www.networkworld.com/article/3325397/idc-expect-175-zettabytes-of-data-worldwide-by-2025.html}},
	year   = {2018 (dostęp 5 stycznia, 2020)}
}

@article{tien2013big,
	title     = {Big data: Unleashing information},
	author    = {Tien, James M},
	journal   = {Journal of Systems Science and Systems Engineering},
	volume    = {22},
	number    = {2},
	pages     = {127--151},
	year      = {2013},
	publisher = {Springer}
}
